@article{barnichon2010building,
  title = {Building a Composite {{Help-Wanted Index}}},
  author = {Barnichon, Regis},
  year = {2010},
  month = dec,
  journal = {Economics Letters},
  volume = {109},
  number = {3},
  pages = {175--178},
  issn = {0165-1765},
  doi = {10.1016/j.econlet.2010.08.029},
  keywords = {Help-Wanted Index,Technology diffusion,Vacancy posting}
}

@article{barnichon2015labor,
  title = {Labor {{Market Heterogeneity}} and the {{Aggregate Matching Function}}},
  author = {Barnichon, Regis and Figura, Andrew},
  year = {2015},
  journal = {American Economic Journal: Macroeconomics},
  volume = {7},
  number = {4},
  pages = {222--49},
  doi = {10.1257/mac.20140116}
}

@article{borowczyk-martins2013accounting,
  title = {Accounting for Endogeneity in Matching Function Estimation},
  author = {{Borowczyk-Martins}, Daniel and Jolivet, Gr{\'e}gory and {Postel-Vinay}, Fabien},
  year = {2013},
  journal = {Review of Economic Dynamics},
  volume = {16},
  number = {3},
  pages = {440--451},
  issn = {1094-2025},
  doi = {10.1016/j.red.2012.07.001},
  keywords = {Job finding,Matching function estimation,Unemployment,Vacancies}
}

@techreport{castro2024labor,
  type = {Working {{Paper}}},
  title = {Labor Force Transitions},
  author = {Castro, Rui and Lange, Fabian and Poschke, Markus},
  year = {2024},
  month = nov,
  series = {Working Paper Series},
  number = {33200},
  institution = {National Bureau of Economic Research},
  doi = {10.3386/w33200}
}

@article{chughforthcomingtemporary,
  title = {Temporary {{Layoffs}}, {{Firm Entry}} and {{Exit Dynamics}}, and {{Aggregate Fluctuations}}},
  author = {Chugh, Sanjay K. and Shapiro, Alan Finkelstein},
  year = {forthcoming},
  journal = {American Economic Journal: Macroeconomics}
}

@article{elsby2015importance,
  title = {On the Importance of the Participation Margin for Labor Market Fluctuations},
  author = {Elsby, Michael W.L. and Hobijn, Bart and {\c S}ahin, Ay{\c s}eg{\"u}l},
  year = {2015},
  journal = {Journal of Monetary Economics},
  volume = {72},
  pages = {64--82},
  issn = {0304-3932},
  doi = {10.1016/j.jmoneco.2015.01.004},
  keywords = {Business cycles,Labor force participation,Unemployment,Worker flows}
}

@article{forsythe2020searching,
  title = {Searching, {{Recalls}}, and {{Tightness}}: {{An Interim Report}} on the {{COVID Labor Market}}},
  author = {Forsythe, Eliza and Kahn, Lisa B and Lange, Fabian and Wiczer, David G},
  year = {2020},
  journal = {National Bureau of Economic Research Working Paper Series},
  volume = {No. 28083},
  doi = {10.3386/w28083}
}

@article{forsythe2022where,
  title = {Where Have All the Workers Gone? {{Recalls}}, Retirements, and Reallocation in the {{COVID}} Recovery},
  author = {Forsythe, Eliza and Kahn, Lisa B. and Lange, Fabian and Wiczer, David},
  year = {2022},
  journal = {Labour Economics},
  volume = {78},
  pages = {102251},
  issn = {0927-5371},
  doi = {10.1016/j.labeco.2022.102251},
  keywords = {COVID,Labor supply,Reallocation,Recalls,Recessions,Retirement}
}

@article{fujita2017recall,
  title = {Recall and {{Unemployment}}},
  author = {Fujita, Shigeru and Moscarini, Giuseppe},
  year = {2017},
  journal = {American Economic Review},
  volume = {107},
  number = {12},
  pages = {3875--3916},
  doi = {10.1257/aer.20131496}
}

@article{gallant2020temporary,
  title = {Temporary {{Unemployment}} and {{Labor Market Dynamics}} during the {{COVID-19 Recession}}},
  author = {Gallant, Jessica and Kroft, Kory and Lange, Fabian and Notowidigdo, Matthew J.},
  year = {2020},
  journal = {Brookings Papers on Economic Activity},
  eprint = {27059301},
  eprinttype = {jstor},
  pages = {167--216},
  publisher = {Brookings Institution Press},
  issn = {00072303, 15334465},
  urldate = {2025-02-02}
}

@article{gertler2022temporary,
  title = {Temporary {{Layoffs}}, {{Loss-of-Recall}} and {{Cyclical Unemployment Dynamics}}},
  author = {Gertler, Mark and Huckfeldt, Christopher K and Trigari, Antonella},
  year = {2022},
  journal = {National Bureau of Economic Research Working Paper Series},
  volume = {No. 30134},
  doi = {10.3386/w30134}
}

@article{gregory2020pandemic,
  title = {Pandemic {{Recession}}: {{L-}} or {{V-Shaped}}?},
  shorttitle = {Pandemic {{Recession}}},
  author = {Gregory, Victoria and Menzio, Guido and Wiczer, David},
  year = {2020},
  month = may,
  journal = {Quarterly Review},
  volume = {40},
  number = {1},
  issn = {02715287},
  doi = {10.21034/qr.4011},
  urldate = {2025-02-02}
}

@article{hall2018measuring,
  title = {Measuring {{Job-Finding Rates}} and {{Matching Efficiency}} with {{Heterogeneous Job-Seekers}}},
  author = {Hall, Robert E. and {Schulhofer-Wohl}, Sam},
  year = {2018},
  journal = {American Economic Journal: Macroeconomics},
  volume = {10},
  number = {1},
  pages = {1--32},
  doi = {10.1257/mac.20170061}
}

@article{hall2022inexorable,
  title = {The Inexorable Recoveries of Unemployment},
  author = {Hall, Robert E. and Kudlyak, Marianna},
  year = {2022},
  month = oct,
  journal = {Journal of Monetary Economics},
  volume = {131},
  pages = {15--25},
  issn = {0304-3932},
  doi = {10.1016/j.jmoneco.2022.06.003},
  keywords = {Business cycle,Recession,Recovery,Unemployment}
}

@article{hall2022unemployed,
  title = {The Unemployed with Jobs and without Jobs},
  author = {Hall, Robert E. and Kudlyak, Marianna},
  year = {2022},
  month = dec,
  journal = {Labour Economics},
  volume = {79},
  pages = {102244},
  issn = {0927-5371},
  doi = {10.1016/j.labeco.2022.102244},
  keywords = {Business cycle,Layoffs,Recall,Recession,Recovery,Temporary layoff,Unemployment}
}

@article{katz1990impact,
  title = {The Impact of the Potential Duration of Unemployment Benefits on the Duration of Unemployment},
  author = {Katz, Lawrence F. and Meyer, Bruce D.},
  year = {1990},
  journal = {Journal of Public Economics},
  volume = {41},
  number = {1},
  pages = {45--72},
  issn = {0047-2727},
  doi = {10.1016/0047-2727(92)90056-L}
}

@unpublished{komatsu2024temporary,
  title = {Temporary {{Layoffs}} and {{Unemployment Insurance}}},
  author = {Komatsu, Katsuhiro},
  year = {2024},
  month = nov,
  langid = {english}
}

@techreport{lange2020cobbdouglas,
  type = {Working {{Paper}}},
  title = {Beyond {{Cobb-Douglas}}: {{Flexibly Estimating Matching Functions}} with {{Unobserved Matching Efficiency}}},
  author = {Lange, Fabian and Papageorgiou, Theodore},
  year = {2020},
  month = apr,
  series = {Working Paper Series},
  number = {26972},
  institution = {National Bureau of Economic Research},
  doi = {10.3386/w26972}
}

@incollection{lebarbanchon2024chapter,
  title = {Chapter 6 - {{Job}} Search, Unemployment Insurance, and Active Labor Market Policies},
  booktitle = {Handbook of {{Labor Economics}}},
  author = {Le Barbanchon, Thomas and Schmieder, Johannes and Weber, Andrea},
  editor = {Dustmann, Christian and Lemieux, Thomas},
  year = {2024},
  month = jan,
  volume = {5},
  pages = {435--580},
  publisher = {Elsevier},
  doi = {10.1016/bs.heslab.2024.11.006},
  isbn = {1573-4463},
  keywords = {Active labor market policies,Job search,Unemployment insurance}
}

@article{manning2017how,
  title = {How {{Local Are Labor Markets}}? {{Evidence}} from a {{Spatial Job Search Model}}},
  author = {Manning, Alan and Petrongolo, Barbara},
  year = {2017},
  journal = {American Economic Review},
  volume = {107},
  number = {10},
  pages = {2877--2907},
  doi = {10.1257/aer.20131026}
}

@article{mortensen1994job,
  title = {Job Creation and Job Destruction in the Theory of Unemployment},
  author = {Mortensen, Dale T. and Pissarides, Christopher A.},
  year = {1994},
  month = jul,
  journal = {The Review of Economic Studies},
  volume = {61},
  number = {3},
  pages = {397--415},
  issn = {0034-6527},
  doi = {10.2307/2297896}
}

@article{moscarini2024job,
  title = {{On the Job Search and Business Cycles}},
  author = {Moscarini, Giuseppe and {Postel-Vinay}, Fabien},
  year = {2024},
  journal = {Revue {\'e}conomique},
  volume = {Vol. 75},
  number = {1},
  pages = {73--112},
  publisher = {Presses de Sciences Po},
  address = {Paris},
  doi = {10.3917/reco.751.0073},
  langid = {french},
  keywords = {business cycle,equilibrium job search,stochastic dynamics}
}

@article{nakamura2019new,
  title = {New {{Evidence}} on the {{Cyclicality}} of {{Employer-to-Employer Flows}} from {{Canada}}},
  author = {Nakamura, Alice and Nakamura, Emi and Phong, Kyle and Steinsson, J{\'o}n},
  year = {2019},
  journal = {AEA Papers and Proceedings},
  volume = {109},
  pages = {456--60},
  doi = {10.1257/pandp.20191053}
}

@unpublished{nekarda2009longitudinal,
  title = {A Longitudinal Analysis of the Current Population Survey: {{Assessing}} the Cyclical Bias of Geographic Mobility},
  author = {Nekarda, Christopher J.},
  year = {2009},
  month = may,
  address = {Board of Governors of the Federal Reserve System}
}

@article{nekoei2015recall,
  title = {Recall Expectations and Duration Dependence},
  author = {Nekoei, Arash and Weber, Andrea},
  year = {2015},
  month = may,
  journal = {American Economic Review},
  volume = {105},
  number = {5},
  pages = {142--46},
  doi = {10.1257/aer.p20151064}
}

@article{nekoei2020seven,
  title = {Seven {{Facts}} about {{Temporary Layoffs}}},
  author = {Nekoei, Arash and Weber, Andrea Michaela},
  year = {2020},
  journal = {SSRN Electronic Journal},
  issn = {1556-5068},
  doi = {10.2139/ssrn.3617226},
  urldate = {2025-02-02},
  langid = {english}
}

@inproceedings{pacas2015using,
  title = {Using the {{Annual Social}} and {{Economic Supplement}} with {{Current Population Survey Panels}}},
  booktitle = {Population {{Association}} of {{America}} 2015 {{Annual Meeting}}},
  author = {Pacas, Jose and Flood, Sarah},
  year = {2015},
  publisher = {Minnesota Population Center, University of Minnesota},
  address = {San Diego, CA}
}

@article{petrongolo2001looking,
  title = {Looking into the {{Black Box}}: {{A Survey}} of the {{Matching Function}}},
  author = {Petrongolo, Barbara and Pissarides, Christopher A.},
  year = {2001},
  journal = {Journal of Economic Literature},
  volume = {39},
  number = {2},
  pages = {390--431},
  doi = {10.1257/jel.39.2.390}
}

@book{pissarides2000equilibrium,
  title = {Equilibrium {{Unemployment Theory}}},
  author = {Pissarides, Christopher A.},
  year = {2000},
  publisher = {Second edition, The MIT Press}
}

@article{sahin2014mismatch,
  title = {Mismatch {{Unemployment}}},
  author = {{\c S}ahin, Ay{\c s}eg{\"u}l and Song, Joseph and Topa, Giorgio and Violante, Giovanni L.},
  year = {2014},
  journal = {American Economic Review},
  volume = {104},
  number = {11},
  pages = {3529--64},
  doi = {10.1257/aer.104.11.3529}
}

@article{shimer2012reassessing,
  title = {Reassessing the Ins and Outs of Unemployment},
  author = {Shimer, Robert},
  year = {2012},
  month = apr,
  journal = {Review of Economic Dynamics},
  volume = {15},
  number = {2},
  pages = {127--148},
  issn = {1094-2025},
  doi = {10.1016/j.red.2012.02.001},
  keywords = {Employment exit rate,Gross worker flows,Job finding rate,Separation rate}
}

@article{staiger1997instrumental,
  title = {Instrumental Variables Regression with Weak Instruments},
  author = {Staiger, Douglas and Stock, James H.},
  year = {1997},
  journal = {Econometrica},
  volume = {65},
  number = {3},
  eprint = {2171753},
  eprinttype = {jstor},
  pages = {557--586},
  publisher = {[Wiley, Econometric Society]},
  issn = {00129682, 14680262},
  urldate = {2025-04-09}
}

@article{yashiv2000determinants,
  title = {The Determinants of Equilibrium Unemployment},
  author = {Yashiv, Eran},
  year = {2000},
  month = dec,
  journal = {American Economic Review},
  volume = {90},
  number = {5},
  pages = {1297--1322},
  doi = {10.1257/aer.90.5.1297}
}
